<record><leader>00000cas a22000007a 4500</leader><controlfield tag="001">13313519</controlfield><controlfield tag="008">860319d18811919nyuwr ne      0    0eng d</controlfield><datafield ind1=" " ind2=" " tag="010"><subfield code="a">sn 86034972 </subfield></datafield><datafield ind1=" " ind2=" " tag="040"><subfield code="a">NYG</subfield><subfield code="b">eng</subfield><subfield code="c">NYG</subfield><subfield code="d">NYS</subfield><subfield code="d">OCLCQ</subfield></datafield><datafield ind1=" " ind2=" " tag="042"><subfield code="a">msc</subfield></datafield><datafield ind1="0" ind2="0" tag="245"><subfield code="a">Dryden herald.</subfield></datafield><datafield ind1="1" ind2="3" tag="246"><subfield code="a">Dryden weekly herald</subfield></datafield><datafield ind1=" " ind2=" " tag="260"><subfield code="a">Dryden, N.Y. :</subfield><subfield code="b">A.M. Ford</subfield></datafield><datafield ind1=" " ind2=" " tag="300"><subfield code="a">v.</subfield></datafield><datafield ind1=" " ind2=" " tag="310"><subfield code="a">Weekly</subfield></datafield><datafield ind1="0" ind2=" " tag="362"><subfield code="a">Vol. 11, no. 11 (Oct. 5, 1881)-v. 48, no. 8 (May 29, 1919).</subfield></datafield><datafield ind1=" " ind2=" " tag="500"><subfield code="a">Publishers: A.M. Ford, 1881- ; J. Giles Ford, &lt;1893&gt;.</subfield></datafield><datafield ind1=" " ind2=" " tag="500"><subfield code="a">Published every Wednesday.</subfield></datafield><datafield ind1=" " ind2=" " tag="515"><subfield code="a">Publication suspended: May 23, 1918-Mar. 13, 1919.</subfield></datafield><datafield ind1=" " ind2="4" tag="651"><subfield code="a">Dryden (N.Y.)</subfield><subfield code="v">Newspapers.</subfield></datafield><datafield ind1=" " ind2=" " tag="752"><subfield code="a">United States</subfield><subfield code="b">New York</subfield><subfield code="c">Tompkins</subfield><subfield code="d">Dryden.</subfield></datafield><datafield ind1="0" ind2="0" tag="780"><subfield code="t">Dryden weekly herald</subfield><subfield code="w">(DLC)sn 83031017</subfield><subfield code="w">(OCoLC)9744954</subfield></datafield><datafield ind1="0" ind2="4" tag="785"><subfield code="t">Cortland Democrat (Cortland, N.Y. : 1877)</subfield><subfield code="w">(DLC)sn 83009185</subfield></datafield><datafield ind1="1" ind2=" " tag="029"><subfield code="a">AU@</subfield><subfield code="b">000025807007</subfield></datafield></record>